@inproceedings{Madrid,
  author = "Madrid, C",
  title = "Decreto 48/2015, de 14 de mayo, por el que se establece para la Comunidad de Madrid el currículo de la educación secundaria obligatoria, Boletín Oficial de la Comunidad de Madrid, 118, de 20 de mayo de 2015",
  type = "",
  school = "",
  year = "2015",
  month = "Mayo",
}


@INPROCEEDINGS{9815716,
  author={Jasim Habil, Hayder and Al-Jarwany, Q. A. and Nema Hawas, Majli and Jabbar Mnati, Mohannad},
  booktitle={2022 4th Global Power, Energy and Communication Conference (GPECOM)}, 
  title={Raspberry Pi 4 and Python Based on Speed and Direction of DC Motor}, 
  year={2022},
  volume={},
  number={},
  pages={541-545},
  keywords={Torque;Microcontrollers;Propellers;Velocity control;Microcomputers;Pulse width modulation;Programming;Raspberry PI 4B;DC Motor;L298N;Python;the driver circuit;speed control;direction control},
  doi={10.1109/GPECOM55404.2022.9815716}}

@misc{Zenkov-sklearn-SER-basics,
  author = {Zenkov, Ilia},
  title = {sklearn-audio-classification},
  year = {2020},
  publisher = {GitHub},
  journal = {GitHub repository},
  howpublished = {\url{https://github.com/IliaZenkov/sklearn-audio-classification}},
}

@unknown{unknown,
author = {Kamal, Azmyin and Mixon, Allison},
year = {2020},
month = {04},
pages = {},
title = {BLE Indoor Positioning System: A Data-Driven Perspective}
}


@inproceedings{inproceedings,
author = {ilçi, Veli and Gülal, VE and Alkan, Reha and Çizmeci, Hüseyin},
year = {2015},
month = {10},
pages = {},
title = {Trilateration Technique for WiFi-Based Indoor Localization}
}

@article{article,
author = {Teleweck, P and Chandrasekaran, B},
year = {2019},
month = {04},
pages = {012018},
title = {Path Planning Algorithms and Their Use in Robotic Navigation Systems},
volume = {1207},
journal = {Journal of Physics: Conference Series},
doi = {10.1088/1742-6596/1207/1/012018}
}

@techreport{Ozyagcilar2015,
  author = {Talat Ozyagcilar},
  title = {Calibrating an eCompass in the Presence of Hard- and Soft-Iron Interference},
  institution = {Freescale Semiconductor, Inc.},
  year = {2015},
  number = {AN4246},
  url = {https://www.nxp.com/docs/en/application-note/AN4246.pdf}
}

@article{low_pass_filter,
author = {Casiez, Géry and Roussel, Nicolas and Vogel, Daniel},
year = {2012},
month = {05},
pages = {},
title = {1€ Filter: A Simple Speed-based Low-pass Filter for Noisy Input in Interactive Systems},
journal = {Conference on Human Factors in Computing Systems - Proceedings},
doi = {10.1145/2207676.2208639}
}



